<record><leader>00000cas a22000007a 4500</leader><controlfield tag="001">11112020</controlfield><controlfield tag="008">840831d19721977nyuwr ne      0   a0eng d</controlfield><datafield ind1=" " ind2=" " tag="010"><subfield code="a">sn 84031424 </subfield></datafield><datafield ind1=" " ind2=" " tag="040"><subfield code="a">NYG</subfield><subfield code="b">eng</subfield><subfield code="c">NYG</subfield><subfield code="d">NYS</subfield><subfield code="d">OCLCQ</subfield><subfield code="d">ZAM</subfield><subfield code="d">OCLCQ</subfield><subfield code="d">OCLCF</subfield><subfield code="d">OCLCO</subfield><subfield code="d">NYG</subfield><subfield code="d">OCL</subfield></datafield><datafield ind1=" " ind2=" " tag="042"><subfield code="a">msc</subfield></datafield><datafield ind1=" " ind2=" " tag="043"><subfield code="a">n-us-ny</subfield></datafield><datafield ind1="0" ind2=" " tag="130"><subfield code="a">Patriot (Wellsville, N.Y.)</subfield></datafield><datafield ind1="1" ind2="0" tag="245"><subfield code="a">Patriot.</subfield></datafield><datafield ind1="1" ind2="3" tag="246"><subfield code="a">Patriot &amp; free press</subfield></datafield><datafield ind1="1" ind2="7" tag="246"><subfield code="a">Wellsville patriot</subfield></datafield><datafield ind1=" " ind2=" " tag="260"><subfield code="a">Wellsville, N.Y. :</subfield><subfield code="b">Wellsville Pub. Co.</subfield></datafield><datafield ind1=" " ind2=" " tag="300"><subfield code="a">v. :</subfield><subfield code="b">ill.</subfield></datafield><datafield ind1=" " ind2=" " tag="310"><subfield code="a">Weekly</subfield></datafield><datafield ind1="0" ind2=" " tag="362"><subfield code="a">Vol. 109, no. 40 (Oct. 4, 1972)-v. 5, no. 32 (June 8, 1977).</subfield></datafield><datafield ind1=" " ind2=" " tag="500"><subfield code="a">Publishers: Wellsville Pub. Co., 1972- ; Lewis P. Fons, &lt;1976&gt;.</subfield></datafield><datafield ind1=" " ind2=" " tag="515"><subfield code="a">Continues numbering of: Cuba patriot (Cuba, N.Y. : 1962).</subfield></datafield><datafield ind1=" " ind2="0" tag="651"><subfield code="a">Allegany County (N.Y.)</subfield><subfield code="v">Newspapers.</subfield></datafield><datafield ind1=" " ind2="0" tag="651"><subfield code="a">Wellsville (N.Y.)</subfield><subfield code="v">Newspapers.</subfield></datafield><datafield ind1=" " ind2="7" tag="651"><subfield code="a">New York (State)</subfield><subfield code="z">Wellsville.</subfield><subfield code="2">fast</subfield><subfield code="0">(OCoLC)fst01220444</subfield></datafield><datafield ind1=" " ind2="7" tag="651"><subfield code="a">New York (State)</subfield><subfield code="z">Allegany County.</subfield><subfield code="2">fast</subfield><subfield code="0">(OCoLC)fst01221766</subfield></datafield><datafield ind1=" " ind2="7" tag="655"><subfield code="a">Newspapers.</subfield><subfield code="2">fast</subfield><subfield code="0">(OCoLC)fst01423814</subfield></datafield><datafield ind1=" " ind2=" " tag="752"><subfield code="a">United States</subfield><subfield code="b">New York</subfield><subfield code="c">Allegany</subfield><subfield code="d">Wellsville.</subfield></datafield><datafield ind1="0" ind2="1" tag="780"><subfield code="t">Cuba patriot (Cuba, N.Y. : 1962)</subfield><subfield code="w">(DLC)sn 85054092</subfield><subfield code="w">(OCoLC)11655907</subfield></datafield><datafield ind1="1" ind2=" " tag="029"><subfield code="a">AU@</subfield><subfield code="b">000020636427</subfield></datafield></record>